<?xml version="1.0" encoding="UTF-8" ?>
<record Numero="13963697" format="InterXMarc_Complet" type="Authority">
<leader>00486c1 au22000272  45  <Pos Code="0004">00486</Pos>
<Pos Code="05" Sens="notice modifiée">c</Pos>
<Pos Code="06" Sens="notice validée en catalogage courant">1</Pos>
<Pos Code="08" Sens="notice d&apos;autorité">a</Pos>
<Pos Code="09" Sens="titre uniforme musical (TUM)">u</Pos>
<Pos Code="10">2</Pos>
<Pos Code="11">2</Pos>
<Pos Code="1216">00027</Pos>
<Pos Code="17" Sens="autres cas">2</Pos>
<Pos Code="20">4</Pos>
<Pos Code="21">5</Pos>
</leader>
<controlfield tag="001">FRBNF139636978<Pos Code="0001">FR</Pos>
<Pos Code="0204">BNF</Pos>
<Pos Code="0512">13963697</Pos>
<Pos Code="13">8</Pos>
</controlfield>
<controlfield tag="008">940425990222yy    zz        1984      ....                   1   <Pos Code="0001">94</Pos>
<Pos Code="0203">04</Pos>
<Pos Code="0405">25</Pos>
<Pos Code="0607">99</Pos>
<Pos Code="0809">02</Pos>
<Pos Code="1011">22</Pos>
<Pos Code="1213" Sens="ne s&apos;applique pas">yy</Pos>
<Pos Code="1820">zz </Pos>
<Pos Code="2831">1984</Pos>
<Pos Code="3841">....</Pos>
<Pos Code="61" Sens="La vedette peut être liée à une notice bibliographique sauf pour l&apos;accès matière RAMEAU">1</Pos>
</controlfield>
<datafield tag="048" ind1=" " ind2=" ">
	<subfield code="a">bb01<Pos Code="0001" Sens="cuivres - trompette">bb</Pos>
<Pos Code="02">0</Pos>
<Pos Code="03">1</Pos>
</subfield>
	<subfield code="a">eb01<Pos Code="0001" Sens="musique électronique - bande magnétique">eb</Pos>
<Pos Code="02">0</Pos>
<Pos Code="03">1</Pos>
</subfield>
</datafield>
<datafield tag="100" ind1=" " ind2=" ">
	<subfield code="3">13891404</subfield>
	<subfield code="w">.0..b.....</subfield>
	<subfield code="a">Berio</subfield>
	<subfield code="m">Luciano</subfield>
	<subfield code="d">1925-2003</subfield>
</datafield>
<datafield tag="144" ind1="1" ind2=" ">
	<subfield code="w">....b.....</subfield>
	<subfield code="a">Sequenza X</subfield>
</datafield>
<datafield tag="502" ind1=" " ind2=" ">
	<subfield code="3">15801164</subfield>
	<subfield code="a">Berio</subfield>
	<subfield code="m">Luciano</subfield>
	<subfield code="d">1925-2003</subfield>
	<subfield code="t">[Sequenzas]</subfield>
</datafield>
<datafield tag="600" ind1=" " ind2=" ">
	<subfield code="a">Créé parThomas Stevens à Los Angeles</subfield>
</datafield>
<datafield tag="600" ind1=" " ind2=" ">
	<subfield code="a">Date de composition : 1984</subfield>
</datafield>
<datafield tag="600" ind1=" " ind2=" ">
	<subfield code="a">1re exécution : 1984</subfield>
</datafield>
<datafield tag="610" ind1=" " ind2=" ">
	<subfield code="a">Contemporary composers</subfield>
	<subfield code="a">Sequenzas / Berio. DGG. 4570382</subfield>
</datafield>
<datafield tag="611" ind1=" " ind2=" ">
	<subfield code="a">SDC 12 117007</subfield>
</datafield>
<datafield tag="917" ind1=" " ind2=" ">
	<subfield code="o">OPC</subfield>
	<subfield code="a">100948890</subfield>
</datafield>
<Attr Nom="IDPerenne">ark:/12148/cb13963697z</Attr>
<Attr Nom="NumSource">OPC 100948890</Attr>
<Attr Nom="Source" Sens="BnF catalogue général (depuis 1999)">A</Attr>
<Attr Nom="NumAutoriteLiee">1389140415801164</Attr>
<Attr Nom="DateCreation">25/04/ 1994</Attr>
<Attr Nom="ResponsableCreation">MIGV2</Attr>
<Attr Nom="StructCreation">1</Attr>
<Attr Nom="DateDerniereValidation">08/11/ 2010</Attr>
<Attr Nom="ResponsableDerniereValidation">MIGV4</Attr>
<Attr Nom="StructPremiereValidation">1</Attr>
<Attr Nom="DatePremiereValidation">25/04/ 1994</Attr>
<Attr Nom="ResponsablePremiereValidation">MIGV2</Attr>
<Attr Nom="StructDerniereValidation">1</Attr>
<Attr Nom="NumSource">OPP 14824709</Attr>
</record>
